@book{ Stein,
       author = "William Stein",
       title = "Elementary Number Theory: Primes, Congruences, and Secrets",
       publisher = "Springer",
       address = "Spring Street, NY",
       year = "2009" }
@book{ Neal,
       author = "Neal Koblitz",
       title = "A Course in Number Theory and Cryptography",
       publisher = "Springer-Verlag",
       address = "New York",
       year = "1994" }